101021000021012345678902511211149A094101Test Bank              Big Apple Taxi Manageme        
5220Big Apple Taxi M                    1234567890PPDDriver Pay      251101   1021000020000001
62200000000064557143         0000120769RCPT-2511-00001MOHAMED OTHMAN          0000000000000001
822000000100000000000000001207690000000000001234567890                         021000020000001
9000001000000000000010000000000000000120769000000000000                                       
9999999999999999999999999999999999999999999999999999999999999999999999999999999999999999999999
9999999999999999999999999999999999999999999999999999999999999999999999999999999999999999999999
9999999999999999999999999999999999999999999999999999999999999999999999999999999999999999999999
9999999999999999999999999999999999999999999999999999999999999999999999999999999999999999999999
9999999999999999999999999999999999999999999999999999999999999999999999999999999999999999999999
